<record><leader>00000cas a22000007a 4500</leader><controlfield tag="001">1640053</controlfield><controlfield tag="008">750920d19381940mnuwr ne      0    0eng d</controlfield><datafield ind1=" " ind2=" " tag="010"><subfield code="a">sn 89064359 </subfield></datafield><datafield ind1=" " ind2=" " tag="040"><subfield code="a">MUL</subfield><subfield code="b">eng</subfield><subfield code="c">MUL</subfield><subfield code="d">MN#</subfield><subfield code="d">OCLCQ</subfield><subfield code="d">OCLCF</subfield><subfield code="d">OCLCO</subfield></datafield><datafield ind1="1" ind2=" " tag="029"><subfield code="a">AU@</subfield><subfield code="b">000025855961</subfield></datafield><datafield ind1=" " ind2=" " tag="042"><subfield code="a">msc</subfield></datafield><datafield ind1=" " ind2=" " tag="043"><subfield code="a">n-us-mn</subfield></datafield><datafield ind1=" " ind2=" " tag="052"><subfield code="a">4144</subfield><subfield code="b">P35</subfield></datafield><datafield ind1=" " ind2=" " tag="052"><subfield code="a">4143</subfield><subfield code="b">O6</subfield></datafield><datafield ind1="0" ind2=" " tag="130"><subfield code="a">Graphic (Perham, Minn.)</subfield></datafield><datafield ind1="0" ind2="4" tag="245"><subfield code="a">The graphic.</subfield></datafield><datafield ind1=" " ind2=" " tag="260"><subfield code="a">Perham, Otter Tail County, Minn. :</subfield><subfield code="b">Howard T. Miller,</subfield><subfield code="c">1938-1940.</subfield></datafield><datafield ind1=" " ind2=" " tag="300"><subfield code="a">14 v.</subfield></datafield><datafield ind1=" " ind2=" " tag="310"><subfield code="a">Weekly</subfield></datafield><datafield ind1="0" ind2=" " tag="362"><subfield code="a">Vol. 1, no. 1 (Mar. 25, 1938)-v. 1, no. 12 (June 17, 1938); v. 11, no. 46 (June 24, 1938)-v. 14, no. 41 (Aug. 1, 1940).</subfield></datafield><datafield ind1=" " ind2=" " tag="530"><subfield code="a">Available on microfilm from the Minnesota Historical Society.</subfield></datafield><datafield ind1=" " ind2="0" tag="651"><subfield code="a">Perham (Minn.)</subfield><subfield code="v">Newspapers.</subfield></datafield><datafield ind1=" " ind2="7" tag="655"><subfield code="a">Newspapers.</subfield><subfield code="2">fast</subfield><subfield code="0">(OCoLC)fst01423814</subfield></datafield><datafield ind1=" " ind2="7" tag="651"><subfield code="a">Minnesota</subfield><subfield code="z">Perham.</subfield><subfield code="2">fast</subfield><subfield code="0">(OCoLC)fst01253881</subfield></datafield><datafield ind1=" " ind2=" " tag="752"><subfield code="a">United States</subfield><subfield code="b">Minnesota</subfield><subfield code="c">Otter Tail</subfield><subfield code="d">Perham.</subfield></datafield><datafield ind1="0" ind2="0" tag="780"><subfield code="t">Vergas graphic</subfield><subfield code="w">(DLC)sn 89064414</subfield></datafield><datafield ind1="0" ind2="0" tag="785"><subfield code="t">Perham graphic</subfield><subfield code="w">(DLC)sn 89064360</subfield></datafield></record>